@book{sumathi2007fundamentals,
  title={Fundamentals of Relational Database Management Systems},
  author={Sumathi, S. and Esakkirajan, S.},
  isbn={9783540483977},
  lccn={2006935984},
  series={Studies in Computational Intelligence},
  url={https://books.google.com.br/books?id=RjnNA0GW0wsC},
  year={2007},
  publisher={Springer Berlin Heidelberg}
}

@inproceedings{lee2020deep,
  title={Deep q-networks based auto-scaling for service function chaining},
  author={Lee, Doyoung and Yoo, Jae-Hyoung and Hong, James Won-Ki},
  booktitle={2020 16th International Conference on Network and Service Management (CNSM)},
  pages={1--9},
  year={2020},
  organization={IEEE}
}


@article{gao2013shortest,
  title={Shortest path computing in relational DBMSs},
  author={Gao, Jun and Zhou, Jiashuai and Yu, Jeffrey Xu and Wang, Tengjiao},
  journal={IEEE transactions on knowledge and data engineering},
  volume={26},
  number={4},
  pages={997--1011},
  year={2013},
  publisher={IEEE}
}